

% Historical Papers and Books on Algebraic Automata Theory

@book{straubing1994finite,
  title={{Finite Automata, Formal Logic, and Circuit Complexity}},
  author={Straubing, Howard},
  year={1994},
  publisher={Birkh{\"a}user}
}

@article{schutzenberger1965finite,
  title={On finite monoids having only trivial subgroups},
  author={Sch{\"u}tzenberger, Marcel Paul},
  journal={Inf. Control.},
  volume={8},
  number={2},
  pages={190--194},
  year={1965}
}

@book{mcnaughton1971counter,
  title={{Counter-Free Automata (MIT research monograph no. 65)}},
  author={McNaughton, Robert and Papert, Seymour A},
  year={1971},
  publisher={The MIT Press}
}

@book{eilenberg1974automata,
  title={{Automata, Languages, and Machines (Vol. A)}},
  author={Eilenberg, Samuel},
  year={1974},
  publisher={Academic Press}
}

@book{eilenberg1976automata,
  title={{Automata, Languages, and Machines (Vol. B)}},
  author={Eilenberg, Samuel},
  year={1976},
  publisher={Academic Press}
}

@article{pin2022mathematical,
  title={{Mathematical Foundations of Automata Theory}},
  author={Pin, Jean-{\'E}ric},
  journal={Lecture notes LIAFA, Universit{\'e} Paris},
  year={2022}
}

@inproceedings{sakarovitch1976algebraic,
  title={An algebraic framework for the study of the syntactic monoids application to the group languages},
  author={Sakarovitch, Jacques},
  booktitle={Mathematical Foundations of Computer Science 1976: Proceedings, 5th Symposium, Gda{\'n}sk, September 6--10, 1976 5},
  pages={510--516},
  year={1976},
  organization={Springer}
}

@article{pin2005some,
  title={Some results on C-varieties},
  author={Pin, Jean-{\'E}ric and Straubing, Howard},
  journal={RAIRO-Theoretical Informatics and Applications},
  volume={39},
  number={1},
  pages={239--262},
  year={2005},
  publisher={EDP Sciences}
}

@inproceedings{straubing2002logical,
  title={On logical descriptions of regular languages},
  author={Straubing, Howard},
  booktitle={LATIN 2002: Theoretical Informatics: 5th Latin American Symposium Cancun, Mexico, April 3--6, 2002 Proceedings 5},
  pages={528--538},
  year={2002},
  organization={Springer}
}

@article{pin1995variety,
  title={A variety theorem without complementation},
  author={Pin, Jean-{\'E}ric},
  journal={Russian Mathematics (Izvestija vuzov. Matematika)},
  volume={39},
  pages={80--90},
  year={1995}
}

@article{rhodes1989kernel,
  title={The kernel of monoid morphisms},
  author={Rhodes, John and Tilson, Bret},
  journal={J. Pure Appl. Algebra},
  volume={62},
  number={3},
  pages={227--268},
  year={1989}
}

% Typed Monoid Papers
@phdthesis{krebs2008typed,
  title={Typed semigroups, majority logic, and threshold circuits},
  author={Krebs, Andreas},
  year={2008},
  school={T{\"u}bingen, Univ., Diss., 2008}
}

@inproceedings{krebs2005characterizing,
  title={{Characterizing TC0 in terms of infinite groups}},
  author={Krebs, Andreas and Lange, Klaus-J{\"o}rn and Reifferscheid, Stephanie},
  booktitle={Annual Symposium on Theoretical Aspects of Computer Science},
  pages={496--507},
  year={2005},
  organization={Springer}
}

@article{krebs2007characterizing,
  title={{Characterizing TC0 in terms of infinite groups}},
  author={Krebs, Andreas and Lange, Klaus-J{\"o}rn and Reifferscheid, Stephanie},
  journal={Theory of Computing Systems},
  volume={40},
  number={4},
  pages={303--325},
  year={2007},
  publisher={Springer}
}

@inproceedings{behle2007linear,
  title={Linear circuits, two-variable logic and weakly blocked monoids},
  author={Behle, Christoph and Krebs, Andreas and Mercer, Mark},
  booktitle={International Symposium on Mathematical Foundations of Computer Science},
  pages={147--158},
  year={2007},
  organization={Springer}
}

@inproceedings{behle2011typed,
  title={{Typed monoids--An Eilenberg-like theorem for non regular languages}},
  author={Behle, Christoph and Krebs, Andreas and Reifferscheid, Stephanie},
  booktitle={Algebraic Informatics: 4th International Conference, CAI 2011, Linz, Austria, June 21-24, 2011. Proceedings 4},
  pages={97--114},
  year={2011},
  organization={Springer}
}

@article{cadilhac2018algebraic,
  title={{The algebraic theory of Parikh automata}},
  author={Cadilhac, Micha{\"e}l and Krebs, Andreas and McKenzie, Pierre},
  journal={Theory of Computing Systems},
  volume={62},
  pages={1241--1268},
  year={2018},
  publisher={Springer}
}

@article{cano2021positive,
  title={{A positive extension of Eilenberg's variety theorem for non-regular languages}},
  author={Cano, A and Cantero, J and Mart{\'\i}nez-Pastor, Ana},
  journal={Applicable Algebra in Engineering, Communication and Computing},
  volume={32},
  number={5},
  pages={553--573},
  year={2021},
  publisher={Springer}
}

% Historical Papers on Circuit Complexity

@article{ruzzo1981uniform,
  title={On uniform circuit complexity},
  author={Ruzzo, Walter L},
  journal={Journal of Computer and System Sciences},
  volume={22},
  number={3},
  pages={365--383},
  year={1981},
  publisher={Elsevier}
}

@article{barrington1990uniformity,
  title={{On uniformity within NC1}},
  author={Barrington, David A Mix and Immerman, Neil and Straubing, Howard},
  journal={Journal of Computer and System Sciences},
  volume={41},
  number={3},
  pages={274--306},
  year={1990},
  publisher={Elsevier}
}

% Descriptive Complexity and Logic

@article{fagin1974generalized,
  title={Generalized first-order spectra and polynomial-time recognizable sets},
  author={Fagin, Ronald},
  journal={Complexity of computation},
  volume={7},
  pages={43--73},
  year={1974},
  publisher={Providence, RI}
}

@article{lautemann2001descriptive,
  title={{The descriptive complexity approach to LOGCFL}},
  author={Lautemann, Clemens and McKenzie, Pierre and Schwentick, Thomas and Vollmer, Heribert},
  journal={Journal of Computer and System Sciences},
  volume={62},
  number={4},
  pages={629--652},
  year={2001},
  publisher={Elsevier}
}

@book{schweikardt2002expressive,
  title={{On the Expressive Power of First-order Logic with Built in Predicates}},
  author={Schweikardt, Nicole},
  year={2002},
  publisher={Logos-Verlag}
}

@article{burtschick1998lindstrom,
  title={Lindstr{\"o}m quantifiers and leaf language definability},
  author={Burtschick, Hans-J{\"o}rg and Vollmer, Heribert},
  journal={International Journal of Foundations of Computer Science},
  volume={9},
  number={03},
  pages={277--294},
  year={1998},
  publisher={World Scientific}
}

@article{lindstrom1966first,
  title={{First order predicate logic with generalized quantifiers}},
  author={Lindstr{\"o}m, Per},
  journal={Theoria},
  volume={32},
  pages={186--195},
  year={1966},
}

@inproceedings{lange2004some,
  title={Some results on majority quantifiers over words},
  author={Lange, K-J},
  booktitle={Proceedings. 19th IEEE Annual Conference on Computational Complexity, 2004.},
  pages={123--129},
  year={2004},
  organization={IEEE}
}

@article{kontinen2009logical,
  title={A logical characterization of the counting hierarchy},
  author={Kontinen, Juha},
  journal={ACM Transactions on Computational Logic (TOCL)},
  volume={10},
  number={1},
  pages={1--21},
  year={2009},
  publisher={ACM New York, NY, USA}
}

% Historical Papers on Completeness

@inproceedings{buss1987boolean,
  title={{The Boolean formula value problem is in ALOGTIME}},
  author={Buss, Samuel R},
  booktitle={Proceedings of the nineteenth annual ACM symposium on Theory of computing},
  pages={123--131},
  year={1987}
}

% Transducers

@inproceedings{bojanczyk2022transducers,
  title={Transducers of polynomial growth},
  author={Bojanczyk, Mikolaj},
  booktitle={Proceedings of the 37th annual acm/ieee symposium on logic in computer science},
  pages={1--27},
  year={2022}
}

@article{filiot2016transducers,
  title={Transducers, logic and algebra for functions of finite words},
  author={Filiot, Emmanuel and Reynier, Pierre-Alain},
  journal={ACM SIGLOG News},
  volume={3},
  number={3},
  pages={4--19},
  year={2016},
  publisher={ACM New York, NY, USA}
}



% Generalized SO Quantifiers

@inproceedings{galota2001generalization,
  title={{A generalization of the B{\"u}chi-Elgot-Trakhtenbrot theorem}},
  author={Galota, Matthias and Vollmer, Heribert},
  booktitle={Computer Science Logic: 15th International Workshop, CSL 2001 10th Annual Conference of the EACSL Paris, France, September 10--13, 2001, Proceedings 15},
  pages={355--368},
  year={2001},
  organization={Springer}
}

@article{andersson2002second,
  title={On second-order generalized quantifiers and finite structures},
  author={Andersson, Anders},
  journal={Annals of Pure and Applied Logic},
  volume={115},
  number={1-3},
  pages={1--32},
  year={2002},
  publisher={Elsevier}
}

@article{kontinen2010definability,
  title={Definability of second order generalized quantifiers},
  author={Kontinen, Juha},
  journal={Archive for Mathematical Logic},
  volume={49},
  pages={379--398},
  year={2010},
  publisher={Springer}
}

@article{kontinen2010second,
  title={On second-order monadic monoidal and groupoidal quantifiers},
  author={Kontinen, Juha and Vollmer, Heribert},
  journal={Logical Methods in Computer Science},
  volume={6},
  year={2010},
  publisher={Episciences. org}
}

@article{kontinen2014characterization,
  title={A characterization of definability of second-order generalized quantifiers with applications to non-definability},
  author={Kontinen, Juha and Szymanik, Jakub},
  journal={Journal of Computer and System Sciences},
  volume={80},
  number={6},
  pages={1152--1162},
  year={2014},
  publisher={Elsevier}
}

% Automata-theoretic Characterizations of Complexity Classes

@article{cook1971characterizations,
  title={{Characterizations of Pushdown Machines in Terms of Time-Bounded Computers}},
  author={Cook, Stephen A},
  journal={Journal of the ACM (JACM)},
  volume={18},
  number={1},
  pages={4--18},
  year={1971},
  publisher={ACM New York, NY, USA}
}

% Historical Results on Regular Languages

@article{hennie1965one,
  title={One-tape, off-line Turing machine computations},
  author={Hennie, Fred C},
  journal={Information and Control},
  volume={8},
  number={6},
  pages={553--578},
  year={1965},
  publisher={Elsevier}
}

% Origins of Complexity Classes

@article{blum1967machine,
  title={{A Machine-Independent Theory of The Complexity of Recursive Functions}},
  author={Blum, Manuel},
  journal={Journal of the ACM (JACM)},
  volume={14},
  number={2},
  pages={322--336},
  year={1967},
  publisher={ACM New York, NY, USA}
}


% Origins of Formal Languages


% Misc. References

@book{wigderson2019mathematics,
  title={{Mathematics and computation: A theory revolutionizing technology and science}},
  author={Wigderson, Avi},
  year={2019},
  publisher={Princeton University Press}
}

@article{aaronson2009algebrization,
  title={{Algebrization: A new barrier in complexity theory}},
  author={Aaronson, Scott and Wigderson, Avi},
  journal={ACM Transactions on Computation Theory (TOCT)},
  volume={1},
  number={1},
  pages={1--54},
  year={2009},
  publisher={ACM New York, NY, USA}
}

@article{toran1991complexity,
  title={Complexity classes defined by counting quantifiers},
  author={Tor{\'a}n, Jacobo},
  journal={Journal of the ACM (JACM)},
  volume={38},
  number={3},
  pages={752--773},
  year={1991},
  publisher={ACM New York, NY, USA}
}

@incollection{Ebb85,
   author = {Ebbinghaus, H.-D.},
   address = {New York},
   booktitle = {Model-Theoretic Logics},
   editor = {J. Barwise and S. Feferman},
   pages = {25-76},
   publisher = {Springer-Verlag},
   title = {Extended Logics: The General Framework},
   year = {1985}
}
